<?xml version="1.0" encoding="UTF-8"?><collection xmlns="http://www.loc.gov/MARC21/slim"><record><leader>00383nam--2200121-i-4500</leader><controlfield tag="001">000042684</controlfield><controlfield tag="002">20161230</controlfield><controlfield tag="005">20161230201043</controlfield><controlfield tag="008">060222s1000------------r-----000-0-eng-d</controlfield><datafield ind1=" " ind2=" " tag="100"><subfield code="a">Stasiw,Ostap</subfield></datafield><datafield ind1=" " ind2=" " tag="245"><subfield code="a">Elektronove a iontove pochody v iontovych krystalech s prihlednutim k fotochemickym pochodum</subfield></datafield><datafield ind1=" " ind2=" " tag="260"><subfield code="a">Praha, Nakladatestvi Ceskoslovenske Akad.Ved, 1963. 275 P</subfield></datafield><datafield ind1=" " ind2=" " tag="852"><subfield code="a">22849</subfield></datafield></record></collection>